@online{glcm,
	author = {Mryka Hall-Beyer},
	title = {The GLCM Tutorial Home Page v2.10},
	year = 2007,
	url = {http://www.fp.ucalgary.ca/mhallbey/tutorial.htm},
	urldate = {2016-06-30}
}
@inproceedings{kirthika2011automated,
	title={Automated road network extraction using artificial neural network},
	author={Kirthika, A and Mookambiga, A},
	booktitle={Recent Trends in Information Technology (ICRTIT), 2011 International Conference on},
	pages={1061--1065},
	year={2011},
	organization={IEEE}
}